%YAML 1.1
%TAG !u! tag:unity3d.com,2011:
--- !u!1 &2700202638322053393
GameObject:
  m_ObjectHideFlags: 0
  m_CorrespondingSourceObject: {fileID: 0}
  m_PrefabInstance: {fileID: 0}
  m_PrefabAsset: {fileID: 0}
  serializedVersion: 6
  m_Component:
  - component: {fileID: 2700202638322053394}
  - component: {fileID: 2700202638322053485}
  - component: {fileID: 2700202638322053484}
  - component: {fileID: 2700202638322053395}
  m_Layer: 10
  m_Name: Cube
  m_TagString: Untagged
  m_Icon: {fileID: 0}
  m_NavMeshLayer: 0
  m_StaticEditorFlags: 0
  m_IsActive: 1
--- !u!4 &2700202638322053394
Transform:
  m_ObjectHideFlags: 0
  m_CorrespondingSourceObject: {fileID: 0}
  m_PrefabInstance: {fileID: 0}
  m_PrefabAsset: {fileID: 0}
  m_GameObject: {fileID: 2700202638322053393}
  m_LocalRotation: {x: 0, y: 0, z: 0, w: 1}
  m_LocalPosition: {x: 0, y: 1, z: 0}
  m_LocalScale: {x: 1.5, y: 2, z: 1.5}
  m_Children: []
  m_Father: {fileID: 2700202638669926418}
  m_RootOrder: 0
  m_LocalEulerAnglesHint: {x: 0, y: 0, z: 0}
--- !u!33 &2700202638322053485
MeshFilter:
  m_ObjectHideFlags: 0
  m_CorrespondingSourceObject: {fileID: 0}
  m_PrefabInstance: {fileID: 0}
  m_PrefabAsset: {fileID: 0}
  m_GameObject: {fileID: 2700202638322053393}
  m_Mesh: {fileID: 10202, guid: 0000000000000000e000000000000000, type: 0}
--- !u!23 &2700202638322053484
MeshRenderer:
  m_ObjectHideFlags: 0
  m_CorrespondingSourceObject: {fileID: 0}
  m_PrefabInstance: {fileID: 0}
  m_PrefabAsset: {fileID: 0}
  m_GameObject: {fileID: 2700202638322053393}
  m_Enabled: 1
  m_CastShadows: 1
  m_ReceiveShadows: 1
  m_DynamicOccludee: 1
  m_MotionVectors: 1
  m_LightProbeUsage: 1
  m_ReflectionProbeUsage: 1
  m_RayTracingMode: 2
  m_RayTraceProcedural: 0
  m_RenderingLayerMask: 257
  m_RendererPriority: 0
  m_Materials:
  - {fileID: 2100000, guid: 73c176f402d2c2f4d929aa5da7585d17, type: 2}
  m_StaticBatchInfo:
    firstSubMesh: 0
    subMeshCount: 0
  m_StaticBatchRoot: {fileID: 0}
  m_ProbeAnchor: {fileID: 0}
  m_LightProbeVolumeOverride: {fileID: 0}
  m_ScaleInLightmap: 1
  m_ReceiveGI: 1
  m_PreserveUVs: 0
  m_IgnoreNormalsForChartDetection: 0
  m_ImportantGI: 0
  m_StitchLightmapSeams: 1
  m_SelectedEditorRenderState: 3
  m_MinimumChartSize: 4
  m_AutoUVMaxDistance: 0.5
  m_AutoUVMaxAngle: 89
  m_LightmapParameters: {fileID: 0}
  m_SortingLayerID: 0
  m_SortingLayer: 0
  m_SortingOrder: 0
  m_AdditionalVertexStreams: {fileID: 0}
--- !u!65 &2700202638322053395
BoxCollider:
  m_ObjectHideFlags: 0
  m_CorrespondingSourceObject: {fileID: 0}
  m_PrefabInstance: {fileID: 0}
  m_PrefabAsset: {fileID: 0}
  m_GameObject: {fileID: 2700202638322053393}
  m_Material: {fileID: 0}
  m_IsTrigger: 0
  m_Enabled: 1
  serializedVersion: 2
  m_Size: {x: 1, y: 1, z: 1}
  m_Center: {x: 0, y: 0, z: 0}
--- !u!1 &2700202638669926416
GameObject:
  m_ObjectHideFlags: 0
  m_CorrespondingSourceObject: {fileID: 0}
  m_PrefabInstance: {fileID: 0}
  m_PrefabAsset: {fileID: 0}
  serializedVersion: 6
  m_Component:
  - component: {fileID: 2700202638669926418}
  - component: {fileID: 2700202638669926417}
  m_Layer: 0
  m_Name: HighClimbableObject
  m_TagString: Untagged
  m_Icon: {fileID: 0}
  m_NavMeshLayer: 0
  m_StaticEditorFlags: 0
  m_IsActive: 1
--- !u!4 &2700202638669926418
Transform:
  m_ObjectHideFlags: 0
  m_CorrespondingSourceObject: {fileID: 0}
  m_PrefabInstance: {fileID: 0}
  m_PrefabAsset: {fileID: 0}
  m_GameObject: {fileID: 2700202638669926416}
  m_LocalRotation: {x: 0, y: 0.025304608, z: 0, w: 0.9996798}
  m_LocalPosition: {x: -0.516, y: -0.041, z: -26.887}
  m_LocalScale: {x: 1, y: 1, z: 1}
  m_Children:
  - {fileID: 2700202638322053394}
  - {fileID: 2700202637282084078}
  - {fileID: 2865124254463671178}
  m_Father: {fileID: 0}
  m_RootOrder: 0
  m_LocalEulerAnglesHint: {x: 0, y: 2.9, z: 0}
--- !u!114 &2700202638669926417
MonoBehaviour:
  m_ObjectHideFlags: 0
  m_CorrespondingSourceObject: {fileID: 0}
  m_PrefabInstance: {fileID: 0}
  m_PrefabAsset: {fileID: 0}
  m_GameObject: {fileID: 2700202638669926416}
  m_Enabled: 1
  m_EditorHideFlags: 0
  m_Script: {fileID: 11500000, guid: b56a9e7e90f1f1c42ba8721b616f6732, type: 3}
  m_Name: 
  m_EditorClassIdentifier: 
  m_path: {fileID: 0}
  m_followedPositionTrackAxis: {x: 1, y: 0, z: 1}
  m_followedRotationTrackAxis: {x: 0, y: 1, z: 0}
  m_positionOnThePath: 1.4605691
  m_enableBothDirection: 0
  m_precisionStick: 10
--- !u!1001 &5848462196616663838
PrefabInstance:
  m_ObjectHideFlags: 0
  serializedVersion: 2
  m_Modification:
    m_TransformParent: {fileID: 2700202638669926418}
    m_Modifications:
    - target: {fileID: 8381448081604253680, guid: 6510f71135e642e41b5de060da49cb58, type: 3}
      propertyPath: m_RootOrder
      value: 1
      objectReference: {fileID: 0}
    - target: {fileID: 8381448081604253680, guid: 6510f71135e642e41b5de060da49cb58, type: 3}
      propertyPath: m_LocalPosition.x
      value: -0
      objectReference: {fileID: 0}
    - target: {fileID: 8381448081604253680, guid: 6510f71135e642e41b5de060da49cb58, type: 3}
      propertyPath: m_LocalPosition.y
      value: 0.37
      objectReference: {fileID: 0}
    - target: {fileID: 8381448081604253680, guid: 6510f71135e642e41b5de060da49cb58, type: 3}
      propertyPath: m_LocalPosition.z
      value: -1.055
      objectReference: {fileID: 0}
    - target: {fileID: 8381448081604253680, guid: 6510f71135e642e41b5de060da49cb58, type: 3}
      propertyPath: m_LocalRotation.w
      value: 1
      objectReference: {fileID: 0}
    - target: {fileID: 8381448081604253680, guid: 6510f71135e642e41b5de060da49cb58, type: 3}
      propertyPath: m_LocalRotation.x
      value: 0
      objectReference: {fileID: 0}
    - target: {fileID: 8381448081604253680, guid: 6510f71135e642e41b5de060da49cb58, type: 3}
      propertyPath: m_LocalRotation.y
      value: 0
      objectReference: {fileID: 0}
    - target: {fileID: 8381448081604253680, guid: 6510f71135e642e41b5de060da49cb58, type: 3}
      propertyPath: m_LocalRotation.z
      value: 0
      objectReference: {fileID: 0}
    - target: {fileID: 8381448081604253680, guid: 6510f71135e642e41b5de060da49cb58, type: 3}
      propertyPath: m_LocalEulerAnglesHint.x
      value: 0
      objectReference: {fileID: 0}
    - target: {fileID: 8381448081604253680, guid: 6510f71135e642e41b5de060da49cb58, type: 3}
      propertyPath: m_LocalEulerAnglesHint.y
      value: 0
      objectReference: {fileID: 0}
    - target: {fileID: 8381448081604253680, guid: 6510f71135e642e41b5de060da49cb58, type: 3}
      propertyPath: m_LocalEulerAnglesHint.z
      value: 0
      objectReference: {fileID: 0}
    - target: {fileID: 8381448081604253683, guid: 6510f71135e642e41b5de060da49cb58, type: 3}
      propertyPath: m_Name
      value: Trigger_HightObject_Left
      objectReference: {fileID: 0}
    m_RemovedComponents: []
  m_SourcePrefab: {fileID: 100100000, guid: 6510f71135e642e41b5de060da49cb58, type: 3}
--- !u!4 &2700202637282084078 stripped
Transform:
  m_CorrespondingSourceObject: {fileID: 8381448081604253680, guid: 6510f71135e642e41b5de060da49cb58, type: 3}
  m_PrefabInstance: {fileID: 5848462196616663838}
  m_PrefabAsset: {fileID: 0}
--- !u!1001 &6021899616722562170
PrefabInstance:
  m_ObjectHideFlags: 0
  serializedVersion: 2
  m_Modification:
    m_TransformParent: {fileID: 2700202638669926418}
    m_Modifications:
    - target: {fileID: 8381448081604253680, guid: 6510f71135e642e41b5de060da49cb58, type: 3}
      propertyPath: m_RootOrder
      value: 2
      objectReference: {fileID: 0}
    - target: {fileID: 8381448081604253680, guid: 6510f71135e642e41b5de060da49cb58, type: 3}
      propertyPath: m_LocalPosition.x
      value: -0
      objectReference: {fileID: 0}
    - target: {fileID: 8381448081604253680, guid: 6510f71135e642e41b5de060da49cb58, type: 3}
      propertyPath: m_LocalPosition.y
      value: 0.37
      objectReference: {fileID: 0}
    - target: {fileID: 8381448081604253680, guid: 6510f71135e642e41b5de060da49cb58, type: 3}
      propertyPath: m_LocalPosition.z
      value: 1.055
      objectReference: {fileID: 0}
    - target: {fileID: 8381448081604253680, guid: 6510f71135e642e41b5de060da49cb58, type: 3}
      propertyPath: m_LocalRotation.w
      value: 0
      objectReference: {fileID: 0}
    - target: {fileID: 8381448081604253680, guid: 6510f71135e642e41b5de060da49cb58, type: 3}
      propertyPath: m_LocalRotation.x
      value: 0
      objectReference: {fileID: 0}
    - target: {fileID: 8381448081604253680, guid: 6510f71135e642e41b5de060da49cb58, type: 3}
      propertyPath: m_LocalRotation.y
      value: 1
      objectReference: {fileID: 0}
    - target: {fileID: 8381448081604253680, guid: 6510f71135e642e41b5de060da49cb58, type: 3}
      propertyPath: m_LocalRotation.z
      value: 0
      objectReference: {fileID: 0}
    - target: {fileID: 8381448081604253680, guid: 6510f71135e642e41b5de060da49cb58, type: 3}
      propertyPath: m_LocalEulerAnglesHint.x
      value: 0
      objectReference: {fileID: 0}
    - target: {fileID: 8381448081604253680, guid: 6510f71135e642e41b5de060da49cb58, type: 3}
      propertyPath: m_LocalEulerAnglesHint.y
      value: 180
      objectReference: {fileID: 0}
    - target: {fileID: 8381448081604253680, guid: 6510f71135e642e41b5de060da49cb58, type: 3}
      propertyPath: m_LocalEulerAnglesHint.z
      value: 0
      objectReference: {fileID: 0}
    - target: {fileID: 8381448081604253683, guid: 6510f71135e642e41b5de060da49cb58, type: 3}
      propertyPath: m_Name
      value: Trigger_HighObject_Right
      objectReference: {fileID: 0}
    m_RemovedComponents: []
  m_SourcePrefab: {fileID: 100100000, guid: 6510f71135e642e41b5de060da49cb58, type: 3}
--- !u!4 &2865124254463671178 stripped
Transform:
  m_CorrespondingSourceObject: {fileID: 8381448081604253680, guid: 6510f71135e642e41b5de060da49cb58, type: 3}
  m_PrefabInstance: {fileID: 6021899616722562170}
  m_PrefabAsset: {fileID: 0}
