%YAML 1.1
%TAG !u! tag:unity3d.com,2011:
--- !u!1 &1034577012506503566
GameObject:
  m_ObjectHideFlags: 0
  m_CorrespondingSourceObject: {fileID: 0}
  m_PrefabInstance: {fileID: 0}
  m_PrefabAsset: {fileID: 0}
  serializedVersion: 6
  m_Component:
  - component: {fileID: 1034577012506503562}
  - component: {fileID: 1034577012506503561}
  m_Layer: 0
  m_Name: MediumClimbableObject
  m_TagString: Untagged
  m_Icon: {fileID: 0}
  m_NavMeshLayer: 0
  m_StaticEditorFlags: 0
  m_IsActive: 1
--- !u!4 &1034577012506503562
Transform:
  m_ObjectHideFlags: 0
  m_CorrespondingSourceObject: {fileID: 0}
  m_PrefabInstance: {fileID: 0}
  m_PrefabAsset: {fileID: 0}
  m_GameObject: {fileID: 1034577012506503566}
  m_LocalRotation: {x: 0, y: 0.025304608, z: 0, w: 0.9996798}
  m_LocalPosition: {x: -0.30540076, y: 0.058, z: -22.727972}
  m_LocalScale: {x: 1, y: 1, z: 1}
  m_Children:
  - {fileID: 1034577012727999951}
  - {fileID: 2620642850878390550}
  - {fileID: 1034577013449238055}
  m_Father: {fileID: 0}
  m_RootOrder: 0
  m_LocalEulerAnglesHint: {x: 0, y: 2.9, z: 0}
--- !u!114 &1034577012506503561
MonoBehaviour:
  m_ObjectHideFlags: 0
  m_CorrespondingSourceObject: {fileID: 0}
  m_PrefabInstance: {fileID: 0}
  m_PrefabAsset: {fileID: 0}
  m_GameObject: {fileID: 1034577012506503566}
  m_Enabled: 1
  m_EditorHideFlags: 0
  m_Script: {fileID: 11500000, guid: b56a9e7e90f1f1c42ba8721b616f6732, type: 3}
  m_Name: 
  m_EditorClassIdentifier: 
  m_path: {fileID: 0}
  m_followedPositionTrackAxis: {x: 1, y: 0, z: 1}
  m_followedRotationTrackAxis: {x: 0, y: 1, z: 0}
  m_positionOnThePath: 1.4605691
  m_enableBothDirection: 0
  m_precisionStick: 10
--- !u!1 &1034577012727999948
GameObject:
  m_ObjectHideFlags: 0
  m_CorrespondingSourceObject: {fileID: 0}
  m_PrefabInstance: {fileID: 0}
  m_PrefabAsset: {fileID: 0}
  serializedVersion: 6
  m_Component:
  - component: {fileID: 1034577012727999951}
  - component: {fileID: 1034577012727999944}
  - component: {fileID: 1034577012727999945}
  - component: {fileID: 204711059}
  m_Layer: 10
  m_Name: Cube
  m_TagString: Untagged
  m_Icon: {fileID: 0}
  m_NavMeshLayer: 0
  m_StaticEditorFlags: 0
  m_IsActive: 1
--- !u!4 &1034577012727999951
Transform:
  m_ObjectHideFlags: 0
  m_CorrespondingSourceObject: {fileID: 0}
  m_PrefabInstance: {fileID: 0}
  m_PrefabAsset: {fileID: 0}
  m_GameObject: {fileID: 1034577012727999948}
  m_LocalRotation: {x: 0, y: 0, z: 0, w: 1}
  m_LocalPosition: {x: 0, y: 0.5, z: 0}
  m_LocalScale: {x: 1, y: 1, z: 1}
  m_Children: []
  m_Father: {fileID: 1034577012506503562}
  m_RootOrder: 0
  m_LocalEulerAnglesHint: {x: 0, y: 0, z: 0}
--- !u!33 &1034577012727999944
MeshFilter:
  m_ObjectHideFlags: 0
  m_CorrespondingSourceObject: {fileID: 0}
  m_PrefabInstance: {fileID: 0}
  m_PrefabAsset: {fileID: 0}
  m_GameObject: {fileID: 1034577012727999948}
  m_Mesh: {fileID: 10202, guid: 0000000000000000e000000000000000, type: 0}
--- !u!23 &1034577012727999945
MeshRenderer:
  m_ObjectHideFlags: 0
  m_CorrespondingSourceObject: {fileID: 0}
  m_PrefabInstance: {fileID: 0}
  m_PrefabAsset: {fileID: 0}
  m_GameObject: {fileID: 1034577012727999948}
  m_Enabled: 1
  m_CastShadows: 1
  m_ReceiveShadows: 1
  m_DynamicOccludee: 1
  m_MotionVectors: 1
  m_LightProbeUsage: 1
  m_ReflectionProbeUsage: 1
  m_RayTracingMode: 2
  m_RayTraceProcedural: 0
  m_RenderingLayerMask: 257
  m_RendererPriority: 0
  m_Materials:
  - {fileID: 2100000, guid: 7c2a2aa6b47b80744b57fc8e2dfa1949, type: 2}
  m_StaticBatchInfo:
    firstSubMesh: 0
    subMeshCount: 0
  m_StaticBatchRoot: {fileID: 0}
  m_ProbeAnchor: {fileID: 0}
  m_LightProbeVolumeOverride: {fileID: 0}
  m_ScaleInLightmap: 1
  m_ReceiveGI: 1
  m_PreserveUVs: 0
  m_IgnoreNormalsForChartDetection: 0
  m_ImportantGI: 0
  m_StitchLightmapSeams: 1
  m_SelectedEditorRenderState: 3
  m_MinimumChartSize: 4
  m_AutoUVMaxDistance: 0.5
  m_AutoUVMaxAngle: 89
  m_LightmapParameters: {fileID: 0}
  m_SortingLayerID: 0
  m_SortingLayer: 0
  m_SortingOrder: 0
  m_AdditionalVertexStreams: {fileID: 0}
--- !u!65 &204711059
BoxCollider:
  m_ObjectHideFlags: 0
  m_CorrespondingSourceObject: {fileID: 0}
  m_PrefabInstance: {fileID: 0}
  m_PrefabAsset: {fileID: 0}
  m_GameObject: {fileID: 1034577012727999948}
  m_Material: {fileID: 0}
  m_IsTrigger: 0
  m_Enabled: 1
  serializedVersion: 2
  m_Size: {x: 1, y: 1, z: 1}
  m_Center: {x: 0, y: 0, z: 0}
--- !u!1001 &845459947890077869
PrefabInstance:
  m_ObjectHideFlags: 0
  serializedVersion: 2
  m_Modification:
    m_TransformParent: {fileID: 1034577012506503562}
    m_Modifications:
    - target: {fileID: 3451386370294608312, guid: 80e1d8854dfeb854da5d509723f51e50, type: 3}
      propertyPath: m_Name
      value: Trigger_MediumObject_Right
      objectReference: {fileID: 0}
    - target: {fileID: 3451386370294608315, guid: 80e1d8854dfeb854da5d509723f51e50, type: 3}
      propertyPath: m_RootOrder
      value: 1
      objectReference: {fileID: 0}
    - target: {fileID: 3451386370294608315, guid: 80e1d8854dfeb854da5d509723f51e50, type: 3}
      propertyPath: m_LocalPosition.x
      value: 0
      objectReference: {fileID: 0}
    - target: {fileID: 3451386370294608315, guid: 80e1d8854dfeb854da5d509723f51e50, type: 3}
      propertyPath: m_LocalPosition.y
      value: 0.22999999
      objectReference: {fileID: 0}
    - target: {fileID: 3451386370294608315, guid: 80e1d8854dfeb854da5d509723f51e50, type: 3}
      propertyPath: m_LocalPosition.z
      value: 0.75
      objectReference: {fileID: 0}
    - target: {fileID: 3451386370294608315, guid: 80e1d8854dfeb854da5d509723f51e50, type: 3}
      propertyPath: m_LocalRotation.w
      value: 0
      objectReference: {fileID: 0}
    - target: {fileID: 3451386370294608315, guid: 80e1d8854dfeb854da5d509723f51e50, type: 3}
      propertyPath: m_LocalRotation.x
      value: 0
      objectReference: {fileID: 0}
    - target: {fileID: 3451386370294608315, guid: 80e1d8854dfeb854da5d509723f51e50, type: 3}
      propertyPath: m_LocalRotation.y
      value: 1
      objectReference: {fileID: 0}
    - target: {fileID: 3451386370294608315, guid: 80e1d8854dfeb854da5d509723f51e50, type: 3}
      propertyPath: m_LocalRotation.z
      value: 0
      objectReference: {fileID: 0}
    - target: {fileID: 3451386370294608315, guid: 80e1d8854dfeb854da5d509723f51e50, type: 3}
      propertyPath: m_LocalEulerAnglesHint.x
      value: 0
      objectReference: {fileID: 0}
    - target: {fileID: 3451386370294608315, guid: 80e1d8854dfeb854da5d509723f51e50, type: 3}
      propertyPath: m_LocalEulerAnglesHint.y
      value: 180
      objectReference: {fileID: 0}
    - target: {fileID: 3451386370294608315, guid: 80e1d8854dfeb854da5d509723f51e50, type: 3}
      propertyPath: m_LocalEulerAnglesHint.z
      value: 0
      objectReference: {fileID: 0}
    m_RemovedComponents: []
  m_SourcePrefab: {fileID: 100100000, guid: 80e1d8854dfeb854da5d509723f51e50, type: 3}
--- !u!4 &2620642850878390550 stripped
Transform:
  m_CorrespondingSourceObject: {fileID: 3451386370294608315, guid: 80e1d8854dfeb854da5d509723f51e50, type: 3}
  m_PrefabInstance: {fileID: 845459947890077869}
  m_PrefabAsset: {fileID: 0}
--- !u!1001 &2431459815749703580
PrefabInstance:
  m_ObjectHideFlags: 0
  serializedVersion: 2
  m_Modification:
    m_TransformParent: {fileID: 1034577012506503562}
    m_Modifications:
    - target: {fileID: 3451386370294608312, guid: 80e1d8854dfeb854da5d509723f51e50, type: 3}
      propertyPath: m_Name
      value: Trigger_MediumObject_Left
      objectReference: {fileID: 0}
    - target: {fileID: 3451386370294608315, guid: 80e1d8854dfeb854da5d509723f51e50, type: 3}
      propertyPath: m_RootOrder
      value: 2
      objectReference: {fileID: 0}
    - target: {fileID: 3451386370294608315, guid: 80e1d8854dfeb854da5d509723f51e50, type: 3}
      propertyPath: m_LocalPosition.x
      value: 0
      objectReference: {fileID: 0}
    - target: {fileID: 3451386370294608315, guid: 80e1d8854dfeb854da5d509723f51e50, type: 3}
      propertyPath: m_LocalPosition.y
      value: 0.23
      objectReference: {fileID: 0}
    - target: {fileID: 3451386370294608315, guid: 80e1d8854dfeb854da5d509723f51e50, type: 3}
      propertyPath: m_LocalPosition.z
      value: -0.75
      objectReference: {fileID: 0}
    - target: {fileID: 3451386370294608315, guid: 80e1d8854dfeb854da5d509723f51e50, type: 3}
      propertyPath: m_LocalRotation.w
      value: 1
      objectReference: {fileID: 0}
    - target: {fileID: 3451386370294608315, guid: 80e1d8854dfeb854da5d509723f51e50, type: 3}
      propertyPath: m_LocalRotation.x
      value: 0
      objectReference: {fileID: 0}
    - target: {fileID: 3451386370294608315, guid: 80e1d8854dfeb854da5d509723f51e50, type: 3}
      propertyPath: m_LocalRotation.y
      value: 0
      objectReference: {fileID: 0}
    - target: {fileID: 3451386370294608315, guid: 80e1d8854dfeb854da5d509723f51e50, type: 3}
      propertyPath: m_LocalRotation.z
      value: 0
      objectReference: {fileID: 0}
    - target: {fileID: 3451386370294608315, guid: 80e1d8854dfeb854da5d509723f51e50, type: 3}
      propertyPath: m_LocalEulerAnglesHint.x
      value: 0
      objectReference: {fileID: 0}
    - target: {fileID: 3451386370294608315, guid: 80e1d8854dfeb854da5d509723f51e50, type: 3}
      propertyPath: m_LocalEulerAnglesHint.y
      value: 0
      objectReference: {fileID: 0}
    - target: {fileID: 3451386370294608315, guid: 80e1d8854dfeb854da5d509723f51e50, type: 3}
      propertyPath: m_LocalEulerAnglesHint.z
      value: 0
      objectReference: {fileID: 0}
    m_RemovedComponents: []
  m_SourcePrefab: {fileID: 100100000, guid: 80e1d8854dfeb854da5d509723f51e50, type: 3}
--- !u!4 &1034577013449238055 stripped
Transform:
  m_CorrespondingSourceObject: {fileID: 3451386370294608315, guid: 80e1d8854dfeb854da5d509723f51e50, type: 3}
  m_PrefabInstance: {fileID: 2431459815749703580}
  m_PrefabAsset: {fileID: 0}
