%YAML 1.1
%TAG !u! tag:unity3d.com,2011:
--- !u!29 &1
OcclusionCullingSettings:
  m_ObjectHideFlags: 0
  serializedVersion: 2
  m_OcclusionBakeSettings:
    smallestOccluder: 5
    smallestHole: 0.25
    backfaceThreshold: 100
  m_SceneGUID: 00000000000000000000000000000000
  m_OcclusionCullingData: {fileID: 0}
--- !u!104 &2
RenderSettings:
  m_ObjectHideFlags: 0
  serializedVersion: 9
  m_Fog: 0
  m_FogColor: {r: 0.5, g: 0.5, b: 0.5, a: 1}
  m_FogMode: 3
  m_FogDensity: 0.01
  m_LinearFogStart: 0
  m_LinearFogEnd: 300
  m_AmbientSkyColor: {r: 0.212, g: 0.227, b: 0.259, a: 1}
  m_AmbientEquatorColor: {r: 0.114, g: 0.125, b: 0.133, a: 1}
  m_AmbientGroundColor: {r: 0.047, g: 0.043, b: 0.035, a: 1}
  m_AmbientIntensity: 1
  m_AmbientMode: 0
  m_SubtractiveShadowColor: {r: 0.42, g: 0.478, b: 0.627, a: 1}
  m_SkyboxMaterial: {fileID: 0}
  m_HaloStrength: 0.5
  m_FlareStrength: 1
  m_FlareFadeSpeed: 3
  m_HaloTexture: {fileID: 0}
  m_SpotCookie: {fileID: 10001, guid: 0000000000000000e000000000000000, type: 0}
  m_DefaultReflectionMode: 0
  m_DefaultReflectionResolution: 128
  m_ReflectionBounces: 1
  m_ReflectionIntensity: 1
  m_CustomReflection: {fileID: 0}
  m_Sun: {fileID: 0}
  m_IndirectSpecularColor: {r: 1481.7754, g: 1835.8867, b: 2430.4492, a: 1}
  m_UseRadianceAmbientProbe: 0
--- !u!157 &3
LightmapSettings:
  m_ObjectHideFlags: 0
  serializedVersion: 12
  m_GIWorkflowMode: 1
  m_GISettings:
    serializedVersion: 2
    m_BounceScale: 1
    m_IndirectOutputScale: 1
    m_AlbedoBoost: 1
    m_EnvironmentLightingMode: 0
    m_EnableBakedLightmaps: 1
    m_EnableRealtimeLightmaps: 0
  m_LightmapEditorSettings:
    serializedVersion: 12
    m_Resolution: 2
    m_BakeResolution: 40
    m_AtlasSize: 1024
    m_AO: 0
    m_AOMaxDistance: 1
    m_CompAOExponent: 1
    m_CompAOExponentDirect: 0
    m_ExtractAmbientOcclusion: 0
    m_Padding: 2
    m_LightmapParameters: {fileID: 0}
    m_LightmapsBakeMode: 1
    m_TextureCompression: 1
    m_FinalGather: 0
    m_FinalGatherFiltering: 1
    m_FinalGatherRayCount: 256
    m_ReflectionCompression: 2
    m_MixedBakeMode: 2
    m_BakeBackend: 1
    m_PVRSampling: 1
    m_PVRDirectSampleCount: 32
    m_PVRSampleCount: 512
    m_PVRBounces: 2
    m_PVREnvironmentSampleCount: 256
    m_PVREnvironmentReferencePointCount: 2048
    m_PVRFilteringMode: 1
    m_PVRDenoiserTypeDirect: 1
    m_PVRDenoiserTypeIndirect: 1
    m_PVRDenoiserTypeAO: 1
    m_PVRFilterTypeDirect: 0
    m_PVRFilterTypeIndirect: 0
    m_PVRFilterTypeAO: 0
    m_PVREnvironmentMIS: 1
    m_PVRCulling: 1
    m_PVRFilteringGaussRadiusDirect: 1
    m_PVRFilteringGaussRadiusIndirect: 5
    m_PVRFilteringGaussRadiusAO: 2
    m_PVRFilteringAtrousPositionSigmaDirect: 0.5
    m_PVRFilteringAtrousPositionSigmaIndirect: 2
    m_PVRFilteringAtrousPositionSigmaAO: 1
    m_ExportTrainingData: 0
    m_TrainingDataDestination: TrainingData
    m_LightProbeSampleCountMultiplier: 4
  m_LightingDataAsset: {fileID: 0}
  m_LightingSettings: {fileID: 0}
--- !u!196 &4
NavMeshSettings:
  serializedVersion: 2
  m_ObjectHideFlags: 0
  m_BuildSettings:
    serializedVersion: 2
    agentTypeID: 0
    agentRadius: 0.5
    agentHeight: 2
    agentSlope: 45
    agentClimb: 0.4
    ledgeDropHeight: 0
    maxJumpAcrossDistance: 0
    minRegionArea: 2
    manualCellSize: 0
    cellSize: 0.16666667
    manualTileSize: 0
    tileSize: 256
    accuratePlacement: 0
    maxJobWorkers: 0
    preserveTilesOutsideBounds: 0
    debug:
      m_Flags: 0
  m_NavMeshData: {fileID: 0}
--- !u!1001 &324394346
PrefabInstance:
  m_ObjectHideFlags: 0
  serializedVersion: 2
  m_Modification:
    m_TransformParent: {fileID: 0}
    m_Modifications:
    - target: {fileID: -8679921383154817045, guid: 582692a4b74c3fe4cb023c8d0dbbb4d6, type: 3}
      propertyPath: m_RootOrder
      value: 7
      objectReference: {fileID: 0}
    - target: {fileID: -8679921383154817045, guid: 582692a4b74c3fe4cb023c8d0dbbb4d6, type: 3}
      propertyPath: m_LocalPosition.x
      value: 26.227879
      objectReference: {fileID: 0}
    - target: {fileID: -8679921383154817045, guid: 582692a4b74c3fe4cb023c8d0dbbb4d6, type: 3}
      propertyPath: m_LocalPosition.y
      value: 10.97
      objectReference: {fileID: 0}
    - target: {fileID: -8679921383154817045, guid: 582692a4b74c3fe4cb023c8d0dbbb4d6, type: 3}
      propertyPath: m_LocalPosition.z
      value: 13.42
      objectReference: {fileID: 0}
    - target: {fileID: -8679921383154817045, guid: 582692a4b74c3fe4cb023c8d0dbbb4d6, type: 3}
      propertyPath: m_LocalRotation.w
      value: 0.7071067
      objectReference: {fileID: 0}
    - target: {fileID: -8679921383154817045, guid: 582692a4b74c3fe4cb023c8d0dbbb4d6, type: 3}
      propertyPath: m_LocalRotation.x
      value: -0.7071068
      objectReference: {fileID: 0}
    - target: {fileID: -8679921383154817045, guid: 582692a4b74c3fe4cb023c8d0dbbb4d6, type: 3}
      propertyPath: m_LocalRotation.y
      value: 0
      objectReference: {fileID: 0}
    - target: {fileID: -8679921383154817045, guid: 582692a4b74c3fe4cb023c8d0dbbb4d6, type: 3}
      propertyPath: m_LocalRotation.z
      value: -0
      objectReference: {fileID: 0}
    - target: {fileID: -8679921383154817045, guid: 582692a4b74c3fe4cb023c8d0dbbb4d6, type: 3}
      propertyPath: m_LocalEulerAnglesHint.x
      value: 0
      objectReference: {fileID: 0}
    - target: {fileID: -8679921383154817045, guid: 582692a4b74c3fe4cb023c8d0dbbb4d6, type: 3}
      propertyPath: m_LocalEulerAnglesHint.y
      value: 0
      objectReference: {fileID: 0}
    - target: {fileID: -8679921383154817045, guid: 582692a4b74c3fe4cb023c8d0dbbb4d6, type: 3}
      propertyPath: m_LocalEulerAnglesHint.z
      value: 0
      objectReference: {fileID: 0}
    - target: {fileID: 919132149155446097, guid: 582692a4b74c3fe4cb023c8d0dbbb4d6, type: 3}
      propertyPath: m_Name
      value: ind_pipe_14_pipe_only
      objectReference: {fileID: 0}
    m_RemovedComponents: []
  m_SourcePrefab: {fileID: 100100000, guid: 582692a4b74c3fe4cb023c8d0dbbb4d6, type: 3}
--- !u!1001 &428867949
PrefabInstance:
  m_ObjectHideFlags: 0
  serializedVersion: 2
  m_Modification:
    m_TransformParent: {fileID: 0}
    m_Modifications:
    - target: {fileID: -8679921383154817045, guid: 64e3b653e13e87d4988cc740f018fac9, type: 3}
      propertyPath: m_RootOrder
      value: 4
      objectReference: {fileID: 0}
    - target: {fileID: -8679921383154817045, guid: 64e3b653e13e87d4988cc740f018fac9, type: 3}
      propertyPath: m_LocalPosition.x
      value: 26.227879
      objectReference: {fileID: 0}
    - target: {fileID: -8679921383154817045, guid: 64e3b653e13e87d4988cc740f018fac9, type: 3}
      propertyPath: m_LocalPosition.y
      value: 10.97
      objectReference: {fileID: 0}
    - target: {fileID: -8679921383154817045, guid: 64e3b653e13e87d4988cc740f018fac9, type: 3}
      propertyPath: m_LocalPosition.z
      value: 37.87
      objectReference: {fileID: 0}
    - target: {fileID: -8679921383154817045, guid: 64e3b653e13e87d4988cc740f018fac9, type: 3}
      propertyPath: m_LocalRotation.w
      value: 0.7071067
      objectReference: {fileID: 0}
    - target: {fileID: -8679921383154817045, guid: 64e3b653e13e87d4988cc740f018fac9, type: 3}
      propertyPath: m_LocalRotation.x
      value: -0.7071068
      objectReference: {fileID: 0}
    - target: {fileID: -8679921383154817045, guid: 64e3b653e13e87d4988cc740f018fac9, type: 3}
      propertyPath: m_LocalRotation.y
      value: 0
      objectReference: {fileID: 0}
    - target: {fileID: -8679921383154817045, guid: 64e3b653e13e87d4988cc740f018fac9, type: 3}
      propertyPath: m_LocalRotation.z
      value: -0
      objectReference: {fileID: 0}
    - target: {fileID: -8679921383154817045, guid: 64e3b653e13e87d4988cc740f018fac9, type: 3}
      propertyPath: m_LocalEulerAnglesHint.x
      value: 0
      objectReference: {fileID: 0}
    - target: {fileID: -8679921383154817045, guid: 64e3b653e13e87d4988cc740f018fac9, type: 3}
      propertyPath: m_LocalEulerAnglesHint.y
      value: 0
      objectReference: {fileID: 0}
    - target: {fileID: -8679921383154817045, guid: 64e3b653e13e87d4988cc740f018fac9, type: 3}
      propertyPath: m_LocalEulerAnglesHint.z
      value: 0
      objectReference: {fileID: 0}
    - target: {fileID: 919132149155446097, guid: 64e3b653e13e87d4988cc740f018fac9, type: 3}
      propertyPath: m_Name
      value: ind_pipe_07_pipe_storage
      objectReference: {fileID: 0}
    m_RemovedComponents: []
  m_SourcePrefab: {fileID: 100100000, guid: 64e3b653e13e87d4988cc740f018fac9, type: 3}
--- !u!1001 &574300617
PrefabInstance:
  m_ObjectHideFlags: 0
  serializedVersion: 2
  m_Modification:
    m_TransformParent: {fileID: 0}
    m_Modifications:
    - target: {fileID: -8679921383154817045, guid: 8255fbce0f66c394bb8ba52bf845f4a6, type: 3}
      propertyPath: m_RootOrder
      value: 9
      objectReference: {fileID: 0}
    - target: {fileID: -8679921383154817045, guid: 8255fbce0f66c394bb8ba52bf845f4a6, type: 3}
      propertyPath: m_LocalPosition.x
      value: 12.693256
      objectReference: {fileID: 0}
    - target: {fileID: -8679921383154817045, guid: 8255fbce0f66c394bb8ba52bf845f4a6, type: 3}
      propertyPath: m_LocalPosition.y
      value: 11.204589
      objectReference: {fileID: 0}
    - target: {fileID: -8679921383154817045, guid: 8255fbce0f66c394bb8ba52bf845f4a6, type: 3}
      propertyPath: m_LocalPosition.z
      value: 53.18
      objectReference: {fileID: 0}
    - target: {fileID: -8679921383154817045, guid: 8255fbce0f66c394bb8ba52bf845f4a6, type: 3}
      propertyPath: m_LocalRotation.w
      value: 0.7071067
      objectReference: {fileID: 0}
    - target: {fileID: -8679921383154817045, guid: 8255fbce0f66c394bb8ba52bf845f4a6, type: 3}
      propertyPath: m_LocalRotation.x
      value: -0.7071068
      objectReference: {fileID: 0}
    - target: {fileID: -8679921383154817045, guid: 8255fbce0f66c394bb8ba52bf845f4a6, type: 3}
      propertyPath: m_LocalRotation.y
      value: 0
      objectReference: {fileID: 0}
    - target: {fileID: -8679921383154817045, guid: 8255fbce0f66c394bb8ba52bf845f4a6, type: 3}
      propertyPath: m_LocalRotation.z
      value: -0
      objectReference: {fileID: 0}
    - target: {fileID: -8679921383154817045, guid: 8255fbce0f66c394bb8ba52bf845f4a6, type: 3}
      propertyPath: m_LocalEulerAnglesHint.x
      value: 0
      objectReference: {fileID: 0}
    - target: {fileID: -8679921383154817045, guid: 8255fbce0f66c394bb8ba52bf845f4a6, type: 3}
      propertyPath: m_LocalEulerAnglesHint.y
      value: 0
      objectReference: {fileID: 0}
    - target: {fileID: -8679921383154817045, guid: 8255fbce0f66c394bb8ba52bf845f4a6, type: 3}
      propertyPath: m_LocalEulerAnglesHint.z
      value: 0
      objectReference: {fileID: 0}
    - target: {fileID: 919132149155446097, guid: 8255fbce0f66c394bb8ba52bf845f4a6, type: 3}
      propertyPath: m_Name
      value: Turbine1
      objectReference: {fileID: 0}
    m_RemovedComponents: []
  m_SourcePrefab: {fileID: 100100000, guid: 8255fbce0f66c394bb8ba52bf845f4a6, type: 3}
--- !u!1 &581324043
GameObject:
  m_ObjectHideFlags: 0
  m_CorrespondingSourceObject: {fileID: 0}
  m_PrefabInstance: {fileID: 0}
  m_PrefabAsset: {fileID: 0}
  serializedVersion: 6
  m_Component:
  - component: {fileID: 581324046}
  - component: {fileID: 581324045}
  - component: {fileID: 581324047}
  - component: {fileID: 581324044}
  m_Layer: 0
  m_Name: Main Camera
  m_TagString: MainCamera
  m_Icon: {fileID: 0}
  m_NavMeshLayer: 0
  m_StaticEditorFlags: 0
  m_IsActive: 1
--- !u!114 &581324044
MonoBehaviour:
  m_ObjectHideFlags: 0
  m_CorrespondingSourceObject: {fileID: 0}
  m_PrefabInstance: {fileID: 0}
  m_PrefabAsset: {fileID: 0}
  m_GameObject: {fileID: 581324043}
  m_Enabled: 1
  m_EditorHideFlags: 0
  m_Script: {fileID: 11500000, guid: 8306c397d51a1124ebb22a52db445ce8, type: 3}
  m_Name: 
  m_EditorClassIdentifier: 
  isDefaultListener: 1
  listenerId: 0
--- !u!20 &581324045
Camera:
  m_ObjectHideFlags: 0
  m_CorrespondingSourceObject: {fileID: 0}
  m_PrefabInstance: {fileID: 0}
  m_PrefabAsset: {fileID: 0}
  m_GameObject: {fileID: 581324043}
  m_Enabled: 1
  serializedVersion: 2
  m_ClearFlags: 1
  m_BackGroundColor: {r: 0.19215687, g: 0.3019608, b: 0.4745098, a: 0}
  m_projectionMatrixMode: 1
  m_GateFitMode: 2
  m_FOVAxisMode: 0
  m_SensorSize: {x: 36, y: 24}
  m_LensShift: {x: 0, y: 0}
  m_FocalLength: 50
  m_NormalizedViewPortRect:
    serializedVersion: 2
    x: 0
    y: 0
    width: 1
    height: 1
  near clip plane: 0.3
  far clip plane: 1000
  field of view: 60
  orthographic: 0
  orthographic size: 5
  m_Depth: -1
  m_CullingMask:
    serializedVersion: 2
    m_Bits: 4294967295
  m_RenderingPath: -1
  m_TargetTexture: {fileID: 0}
  m_TargetDisplay: 0
  m_TargetEye: 3
  m_HDR: 1
  m_AllowMSAA: 1
  m_AllowDynamicResolution: 0
  m_ForceIntoRT: 0
  m_OcclusionCulling: 1
  m_StereoConvergence: 10
  m_StereoSeparation: 0.022
--- !u!4 &581324046
Transform:
  m_ObjectHideFlags: 0
  m_CorrespondingSourceObject: {fileID: 0}
  m_PrefabInstance: {fileID: 0}
  m_PrefabAsset: {fileID: 0}
  m_GameObject: {fileID: 581324043}
  m_LocalRotation: {x: 0, y: 0, z: 0, w: 1}
  m_LocalPosition: {x: 0, y: 1, z: -10}
  m_LocalScale: {x: 1, y: 1, z: 1}
  m_Children: []
  m_Father: {fileID: 0}
  m_RootOrder: 0
  m_LocalEulerAnglesHint: {x: 0, y: 0, z: 0}
--- !u!114 &581324047
MonoBehaviour:
  m_ObjectHideFlags: 0
  m_CorrespondingSourceObject: {fileID: 0}
  m_PrefabInstance: {fileID: 0}
  m_PrefabAsset: {fileID: 0}
  m_GameObject: {fileID: 581324043}
  m_Enabled: 1
  m_EditorHideFlags: 0
  m_Script: {fileID: 11500000, guid: 0e5c0ab31da002e409e6604aa4948a0e, type: 3}
  m_Name: 
  m_EditorClassIdentifier: 
  m_listeners:
    initialListenerList: []
    useDefaultListeners: 1
  isEnvironmentAware: 0
  isStaticObject: 0
  m_positionOffsetData:
    KeepMe: 0
    positionOffset: {x: 0, y: 0, z: 0}
  m_posOffsetData: {fileID: 0}
  listenerMask: 1
--- !u!1001 &864393244
PrefabInstance:
  m_ObjectHideFlags: 0
  serializedVersion: 2
  m_Modification:
    m_TransformParent: {fileID: 0}
    m_Modifications:
    - target: {fileID: -8679921383154817045, guid: bb8a329b1b487354495b7158ee636a30, type: 3}
      propertyPath: m_RootOrder
      value: 3
      objectReference: {fileID: 0}
    - target: {fileID: -8679921383154817045, guid: bb8a329b1b487354495b7158ee636a30, type: 3}
      propertyPath: m_LocalPosition.x
      value: 12.693256
      objectReference: {fileID: 0}
    - target: {fileID: -8679921383154817045, guid: bb8a329b1b487354495b7158ee636a30, type: 3}
      propertyPath: m_LocalPosition.y
      value: 11.204589
      objectReference: {fileID: 0}
    - target: {fileID: -8679921383154817045, guid: bb8a329b1b487354495b7158ee636a30, type: 3}
      propertyPath: m_LocalPosition.z
      value: 70.9
      objectReference: {fileID: 0}
    - target: {fileID: -8679921383154817045, guid: bb8a329b1b487354495b7158ee636a30, type: 3}
      propertyPath: m_LocalRotation.w
      value: 0.7071067
      objectReference: {fileID: 0}
    - target: {fileID: -8679921383154817045, guid: bb8a329b1b487354495b7158ee636a30, type: 3}
      propertyPath: m_LocalRotation.x
      value: -0.7071068
      objectReference: {fileID: 0}
    - target: {fileID: -8679921383154817045, guid: bb8a329b1b487354495b7158ee636a30, type: 3}
      propertyPath: m_LocalRotation.y
      value: 0
      objectReference: {fileID: 0}
    - target: {fileID: -8679921383154817045, guid: bb8a329b1b487354495b7158ee636a30, type: 3}
      propertyPath: m_LocalRotation.z
      value: -0
      objectReference: {fileID: 0}
    - target: {fileID: -8679921383154817045, guid: bb8a329b1b487354495b7158ee636a30, type: 3}
      propertyPath: m_LocalEulerAnglesHint.x
      value: 0
      objectReference: {fileID: 0}
    - target: {fileID: -8679921383154817045, guid: bb8a329b1b487354495b7158ee636a30, type: 3}
      propertyPath: m_LocalEulerAnglesHint.y
      value: 0
      objectReference: {fileID: 0}
    - target: {fileID: -8679921383154817045, guid: bb8a329b1b487354495b7158ee636a30, type: 3}
      propertyPath: m_LocalEulerAnglesHint.z
      value: 0
      objectReference: {fileID: 0}
    - target: {fileID: 919132149155446097, guid: bb8a329b1b487354495b7158ee636a30, type: 3}
      propertyPath: m_Name
      value: Generateur
      objectReference: {fileID: 0}
    m_RemovedComponents: []
  m_SourcePrefab: {fileID: 100100000, guid: bb8a329b1b487354495b7158ee636a30, type: 3}
--- !u!1001 &941614637
PrefabInstance:
  m_ObjectHideFlags: 0
  serializedVersion: 2
  m_Modification:
    m_TransformParent: {fileID: 0}
    m_Modifications:
    - target: {fileID: -8679921383154817045, guid: 20a4b5f68c96d1c41930bf89600e6309, type: 3}
      propertyPath: m_RootOrder
      value: 11
      objectReference: {fileID: 0}
    - target: {fileID: -8679921383154817045, guid: 20a4b5f68c96d1c41930bf89600e6309, type: 3}
      propertyPath: m_LocalPosition.x
      value: 12.693256
      objectReference: {fileID: 0}
    - target: {fileID: -8679921383154817045, guid: 20a4b5f68c96d1c41930bf89600e6309, type: 3}
      propertyPath: m_LocalPosition.y
      value: 11.204589
      objectReference: {fileID: 0}
    - target: {fileID: -8679921383154817045, guid: 20a4b5f68c96d1c41930bf89600e6309, type: 3}
      propertyPath: m_LocalPosition.z
      value: 33.66
      objectReference: {fileID: 0}
    - target: {fileID: -8679921383154817045, guid: 20a4b5f68c96d1c41930bf89600e6309, type: 3}
      propertyPath: m_LocalRotation.w
      value: 0.7071067
      objectReference: {fileID: 0}
    - target: {fileID: -8679921383154817045, guid: 20a4b5f68c96d1c41930bf89600e6309, type: 3}
      propertyPath: m_LocalRotation.x
      value: -0.7071068
      objectReference: {fileID: 0}
    - target: {fileID: -8679921383154817045, guid: 20a4b5f68c96d1c41930bf89600e6309, type: 3}
      propertyPath: m_LocalRotation.y
      value: 0
      objectReference: {fileID: 0}
    - target: {fileID: -8679921383154817045, guid: 20a4b5f68c96d1c41930bf89600e6309, type: 3}
      propertyPath: m_LocalRotation.z
      value: -0
      objectReference: {fileID: 0}
    - target: {fileID: -8679921383154817045, guid: 20a4b5f68c96d1c41930bf89600e6309, type: 3}
      propertyPath: m_LocalEulerAnglesHint.x
      value: 0
      objectReference: {fileID: 0}
    - target: {fileID: -8679921383154817045, guid: 20a4b5f68c96d1c41930bf89600e6309, type: 3}
      propertyPath: m_LocalEulerAnglesHint.y
      value: 0
      objectReference: {fileID: 0}
    - target: {fileID: -8679921383154817045, guid: 20a4b5f68c96d1c41930bf89600e6309, type: 3}
      propertyPath: m_LocalEulerAnglesHint.z
      value: 0
      objectReference: {fileID: 0}
    - target: {fileID: 919132149155446097, guid: 20a4b5f68c96d1c41930bf89600e6309, type: 3}
      propertyPath: m_Name
      value: Turbine3
      objectReference: {fileID: 0}
    m_RemovedComponents: []
  m_SourcePrefab: {fileID: 100100000, guid: 20a4b5f68c96d1c41930bf89600e6309, type: 3}
--- !u!1001 &974887279
PrefabInstance:
  m_ObjectHideFlags: 0
  serializedVersion: 2
  m_Modification:
    m_TransformParent: {fileID: 0}
    m_Modifications:
    - target: {fileID: -8679921383154817045, guid: 393929583de59ae439e725f0c0de22cf, type: 3}
      propertyPath: m_RootOrder
      value: 2
      objectReference: {fileID: 0}
    - target: {fileID: -8679921383154817045, guid: 393929583de59ae439e725f0c0de22cf, type: 3}
      propertyPath: m_LocalPosition.x
      value: 33.63
      objectReference: {fileID: 0}
    - target: {fileID: -8679921383154817045, guid: 393929583de59ae439e725f0c0de22cf, type: 3}
      propertyPath: m_LocalPosition.y
      value: 10.97
      objectReference: {fileID: 0}
    - target: {fileID: -8679921383154817045, guid: 393929583de59ae439e725f0c0de22cf, type: 3}
      propertyPath: m_LocalPosition.z
      value: 62.89
      objectReference: {fileID: 0}
    - target: {fileID: -8679921383154817045, guid: 393929583de59ae439e725f0c0de22cf, type: 3}
      propertyPath: m_LocalRotation.w
      value: 0.7071067
      objectReference: {fileID: 0}
    - target: {fileID: -8679921383154817045, guid: 393929583de59ae439e725f0c0de22cf, type: 3}
      propertyPath: m_LocalRotation.x
      value: -0.7071068
      objectReference: {fileID: 0}
    - target: {fileID: -8679921383154817045, guid: 393929583de59ae439e725f0c0de22cf, type: 3}
      propertyPath: m_LocalRotation.y
      value: 0
      objectReference: {fileID: 0}
    - target: {fileID: -8679921383154817045, guid: 393929583de59ae439e725f0c0de22cf, type: 3}
      propertyPath: m_LocalRotation.z
      value: -0
      objectReference: {fileID: 0}
    - target: {fileID: -8679921383154817045, guid: 393929583de59ae439e725f0c0de22cf, type: 3}
      propertyPath: m_LocalEulerAnglesHint.x
      value: 0
      objectReference: {fileID: 0}
    - target: {fileID: -8679921383154817045, guid: 393929583de59ae439e725f0c0de22cf, type: 3}
      propertyPath: m_LocalEulerAnglesHint.y
      value: 0
      objectReference: {fileID: 0}
    - target: {fileID: -8679921383154817045, guid: 393929583de59ae439e725f0c0de22cf, type: 3}
      propertyPath: m_LocalEulerAnglesHint.z
      value: 0
      objectReference: {fileID: 0}
    - target: {fileID: 919132149155446097, guid: 393929583de59ae439e725f0c0de22cf, type: 3}
      propertyPath: m_Name
      value: ind_pipe_04
      objectReference: {fileID: 0}
    m_RemovedComponents: []
  m_SourcePrefab: {fileID: 100100000, guid: 393929583de59ae439e725f0c0de22cf, type: 3}
--- !u!1001 &1025958616
PrefabInstance:
  m_ObjectHideFlags: 0
  serializedVersion: 2
  m_Modification:
    m_TransformParent: {fileID: 0}
    m_Modifications:
    - target: {fileID: -8679921383154817045, guid: 0696ac92f14fe7a45ad19d880e4ff4e8, type: 3}
      propertyPath: m_RootOrder
      value: 4
      objectReference: {fileID: 0}
    - target: {fileID: -8679921383154817045, guid: 0696ac92f14fe7a45ad19d880e4ff4e8, type: 3}
      propertyPath: m_LocalPosition.x
      value: 12.693256
      objectReference: {fileID: 0}
    - target: {fileID: -8679921383154817045, guid: 0696ac92f14fe7a45ad19d880e4ff4e8, type: 3}
      propertyPath: m_LocalPosition.y
      value: 11.204589
      objectReference: {fileID: 0}
    - target: {fileID: -8679921383154817045, guid: 0696ac92f14fe7a45ad19d880e4ff4e8, type: 3}
      propertyPath: m_LocalPosition.z
      value: 24.96
      objectReference: {fileID: 0}
    - target: {fileID: -8679921383154817045, guid: 0696ac92f14fe7a45ad19d880e4ff4e8, type: 3}
      propertyPath: m_LocalRotation.w
      value: 0.7071067
      objectReference: {fileID: 0}
    - target: {fileID: -8679921383154817045, guid: 0696ac92f14fe7a45ad19d880e4ff4e8, type: 3}
      propertyPath: m_LocalRotation.x
      value: -0.7071068
      objectReference: {fileID: 0}
    - target: {fileID: -8679921383154817045, guid: 0696ac92f14fe7a45ad19d880e4ff4e8, type: 3}
      propertyPath: m_LocalRotation.y
      value: 0
      objectReference: {fileID: 0}
    - target: {fileID: -8679921383154817045, guid: 0696ac92f14fe7a45ad19d880e4ff4e8, type: 3}
      propertyPath: m_LocalRotation.z
      value: -0
      objectReference: {fileID: 0}
    - target: {fileID: -8679921383154817045, guid: 0696ac92f14fe7a45ad19d880e4ff4e8, type: 3}
      propertyPath: m_LocalEulerAnglesHint.x
      value: 0
      objectReference: {fileID: 0}
    - target: {fileID: -8679921383154817045, guid: 0696ac92f14fe7a45ad19d880e4ff4e8, type: 3}
      propertyPath: m_LocalEulerAnglesHint.y
      value: 0
      objectReference: {fileID: 0}
    - target: {fileID: -8679921383154817045, guid: 0696ac92f14fe7a45ad19d880e4ff4e8, type: 3}
      propertyPath: m_LocalEulerAnglesHint.z
      value: 0
      objectReference: {fileID: 0}
    - target: {fileID: 919132149155446097, guid: 0696ac92f14fe7a45ad19d880e4ff4e8, type: 3}
      propertyPath: m_Name
      value: Grue
      objectReference: {fileID: 0}
    m_RemovedComponents: []
  m_SourcePrefab: {fileID: 100100000, guid: 0696ac92f14fe7a45ad19d880e4ff4e8, type: 3}
--- !u!1001 &1028198698
PrefabInstance:
  m_ObjectHideFlags: 0
  serializedVersion: 2
  m_Modification:
    m_TransformParent: {fileID: 0}
    m_Modifications:
    - target: {fileID: -8679921383154817045, guid: 045e5bb2cc89c1c4d8d83835007ea56e, type: 3}
      propertyPath: m_RootOrder
      value: 3
      objectReference: {fileID: 0}
    - target: {fileID: -8679921383154817045, guid: 045e5bb2cc89c1c4d8d83835007ea56e, type: 3}
      propertyPath: m_LocalPosition.x
      value: 26.227879
      objectReference: {fileID: 0}
    - target: {fileID: -8679921383154817045, guid: 045e5bb2cc89c1c4d8d83835007ea56e, type: 3}
      propertyPath: m_LocalPosition.y
      value: 10.97
      objectReference: {fileID: 0}
    - target: {fileID: -8679921383154817045, guid: 045e5bb2cc89c1c4d8d83835007ea56e, type: 3}
      propertyPath: m_LocalPosition.z
      value: 46.26
      objectReference: {fileID: 0}
    - target: {fileID: -8679921383154817045, guid: 045e5bb2cc89c1c4d8d83835007ea56e, type: 3}
      propertyPath: m_LocalRotation.w
      value: 0.7071067
      objectReference: {fileID: 0}
    - target: {fileID: -8679921383154817045, guid: 045e5bb2cc89c1c4d8d83835007ea56e, type: 3}
      propertyPath: m_LocalRotation.x
      value: -0.7071068
      objectReference: {fileID: 0}
    - target: {fileID: -8679921383154817045, guid: 045e5bb2cc89c1c4d8d83835007ea56e, type: 3}
      propertyPath: m_LocalRotation.y
      value: -0.000000061817246
      objectReference: {fileID: 0}
    - target: {fileID: -8679921383154817045, guid: 045e5bb2cc89c1c4d8d83835007ea56e, type: 3}
      propertyPath: m_LocalRotation.z
      value: -0.000000061817246
      objectReference: {fileID: 0}
    - target: {fileID: -8679921383154817045, guid: 045e5bb2cc89c1c4d8d83835007ea56e, type: 3}
      propertyPath: m_LocalEulerAnglesHint.x
      value: 0
      objectReference: {fileID: 0}
    - target: {fileID: -8679921383154817045, guid: 045e5bb2cc89c1c4d8d83835007ea56e, type: 3}
      propertyPath: m_LocalEulerAnglesHint.y
      value: 0
      objectReference: {fileID: 0}
    - target: {fileID: -8679921383154817045, guid: 045e5bb2cc89c1c4d8d83835007ea56e, type: 3}
      propertyPath: m_LocalEulerAnglesHint.z
      value: 0
      objectReference: {fileID: 0}
    - target: {fileID: 919132149155446097, guid: 045e5bb2cc89c1c4d8d83835007ea56e, type: 3}
      propertyPath: m_Name
      value: ind_pipe_06_pipe_bridge
      objectReference: {fileID: 0}
    m_RemovedComponents: []
  m_SourcePrefab: {fileID: 100100000, guid: 045e5bb2cc89c1c4d8d83835007ea56e, type: 3}
--- !u!1001 &1232159832
PrefabInstance:
  m_ObjectHideFlags: 0
  serializedVersion: 2
  m_Modification:
    m_TransformParent: {fileID: 0}
    m_Modifications:
    - target: {fileID: -8679921383154817045, guid: 13ffa90279b13444782daba9a7d83e1c, type: 3}
      propertyPath: m_RootOrder
      value: 1
      objectReference: {fileID: 0}
    - target: {fileID: -8679921383154817045, guid: 13ffa90279b13444782daba9a7d83e1c, type: 3}
      propertyPath: m_LocalPosition.x
      value: 12.693256
      objectReference: {fileID: 0}
    - target: {fileID: -8679921383154817045, guid: 13ffa90279b13444782daba9a7d83e1c, type: 3}
      propertyPath: m_LocalPosition.y
      value: 11.204589
      objectReference: {fileID: 0}
    - target: {fileID: -8679921383154817045, guid: 13ffa90279b13444782daba9a7d83e1c, type: 3}
      propertyPath: m_LocalPosition.z
      value: 42.587555
      objectReference: {fileID: 0}
    - target: {fileID: -8679921383154817045, guid: 13ffa90279b13444782daba9a7d83e1c, type: 3}
      propertyPath: m_LocalRotation.w
      value: 0.7071067
      objectReference: {fileID: 0}
    - target: {fileID: -8679921383154817045, guid: 13ffa90279b13444782daba9a7d83e1c, type: 3}
      propertyPath: m_LocalRotation.x
      value: -0.7071068
      objectReference: {fileID: 0}
    - target: {fileID: -8679921383154817045, guid: 13ffa90279b13444782daba9a7d83e1c, type: 3}
      propertyPath: m_LocalRotation.y
      value: 0
      objectReference: {fileID: 0}
    - target: {fileID: -8679921383154817045, guid: 13ffa90279b13444782daba9a7d83e1c, type: 3}
      propertyPath: m_LocalRotation.z
      value: -0
      objectReference: {fileID: 0}
    - target: {fileID: -8679921383154817045, guid: 13ffa90279b13444782daba9a7d83e1c, type: 3}
      propertyPath: m_LocalEulerAnglesHint.x
      value: 0
      objectReference: {fileID: 0}
    - target: {fileID: -8679921383154817045, guid: 13ffa90279b13444782daba9a7d83e1c, type: 3}
      propertyPath: m_LocalEulerAnglesHint.y
      value: 0
      objectReference: {fileID: 0}
    - target: {fileID: -8679921383154817045, guid: 13ffa90279b13444782daba9a7d83e1c, type: 3}
      propertyPath: m_LocalEulerAnglesHint.z
      value: 0
      objectReference: {fileID: 0}
    - target: {fileID: 919132149155446097, guid: 13ffa90279b13444782daba9a7d83e1c, type: 3}
      propertyPath: m_Name
      value: Foreuse
      objectReference: {fileID: 0}
    m_RemovedComponents: []
  m_SourcePrefab: {fileID: 100100000, guid: 13ffa90279b13444782daba9a7d83e1c, type: 3}
--- !u!1001 &1374897683
PrefabInstance:
  m_ObjectHideFlags: 0
  serializedVersion: 2
  m_Modification:
    m_TransformParent: {fileID: 0}
    m_Modifications:
    - target: {fileID: -8679921383154817045, guid: 6713ee7f79f40e44ea2b8b38324c4d68, type: 3}
      propertyPath: m_RootOrder
      value: 10
      objectReference: {fileID: 0}
    - target: {fileID: -8679921383154817045, guid: 6713ee7f79f40e44ea2b8b38324c4d68, type: 3}
      propertyPath: m_LocalPosition.x
      value: 12.693256
      objectReference: {fileID: 0}
    - target: {fileID: -8679921383154817045, guid: 6713ee7f79f40e44ea2b8b38324c4d68, type: 3}
      propertyPath: m_LocalPosition.y
      value: 11.204589
      objectReference: {fileID: 0}
    - target: {fileID: -8679921383154817045, guid: 6713ee7f79f40e44ea2b8b38324c4d68, type: 3}
      propertyPath: m_LocalPosition.z
      value: 10.1
      objectReference: {fileID: 0}
    - target: {fileID: -8679921383154817045, guid: 6713ee7f79f40e44ea2b8b38324c4d68, type: 3}
      propertyPath: m_LocalRotation.w
      value: 0.7071067
      objectReference: {fileID: 0}
    - target: {fileID: -8679921383154817045, guid: 6713ee7f79f40e44ea2b8b38324c4d68, type: 3}
      propertyPath: m_LocalRotation.x
      value: -0.7071068
      objectReference: {fileID: 0}
    - target: {fileID: -8679921383154817045, guid: 6713ee7f79f40e44ea2b8b38324c4d68, type: 3}
      propertyPath: m_LocalRotation.y
      value: 0
      objectReference: {fileID: 0}
    - target: {fileID: -8679921383154817045, guid: 6713ee7f79f40e44ea2b8b38324c4d68, type: 3}
      propertyPath: m_LocalRotation.z
      value: -0
      objectReference: {fileID: 0}
    - target: {fileID: -8679921383154817045, guid: 6713ee7f79f40e44ea2b8b38324c4d68, type: 3}
      propertyPath: m_LocalEulerAnglesHint.x
      value: 0
      objectReference: {fileID: 0}
    - target: {fileID: -8679921383154817045, guid: 6713ee7f79f40e44ea2b8b38324c4d68, type: 3}
      propertyPath: m_LocalEulerAnglesHint.y
      value: 0
      objectReference: {fileID: 0}
    - target: {fileID: -8679921383154817045, guid: 6713ee7f79f40e44ea2b8b38324c4d68, type: 3}
      propertyPath: m_LocalEulerAnglesHint.z
      value: 0
      objectReference: {fileID: 0}
    - target: {fileID: 919132149155446097, guid: 6713ee7f79f40e44ea2b8b38324c4d68, type: 3}
      propertyPath: m_Name
      value: Turbine2
      objectReference: {fileID: 0}
    m_RemovedComponents: []
  m_SourcePrefab: {fileID: 100100000, guid: 6713ee7f79f40e44ea2b8b38324c4d68, type: 3}
--- !u!1001 &1502590948
PrefabInstance:
  m_ObjectHideFlags: 0
  serializedVersion: 2
  m_Modification:
    m_TransformParent: {fileID: 0}
    m_Modifications:
    - target: {fileID: -8679921383154817045, guid: 208f1b27895f195459e56f654739a7f5, type: 3}
      propertyPath: m_RootOrder
      value: 2
      objectReference: {fileID: 0}
    - target: {fileID: -8679921383154817045, guid: 208f1b27895f195459e56f654739a7f5, type: 3}
      propertyPath: m_LocalPosition.x
      value: 12.693256
      objectReference: {fileID: 0}
    - target: {fileID: -8679921383154817045, guid: 208f1b27895f195459e56f654739a7f5, type: 3}
      propertyPath: m_LocalPosition.y
      value: 11.204589
      objectReference: {fileID: 0}
    - target: {fileID: -8679921383154817045, guid: 208f1b27895f195459e56f654739a7f5, type: 3}
      propertyPath: m_LocalPosition.z
      value: 48.08
      objectReference: {fileID: 0}
    - target: {fileID: -8679921383154817045, guid: 208f1b27895f195459e56f654739a7f5, type: 3}
      propertyPath: m_LocalRotation.w
      value: 0.7071067
      objectReference: {fileID: 0}
    - target: {fileID: -8679921383154817045, guid: 208f1b27895f195459e56f654739a7f5, type: 3}
      propertyPath: m_LocalRotation.x
      value: -0.7071068
      objectReference: {fileID: 0}
    - target: {fileID: -8679921383154817045, guid: 208f1b27895f195459e56f654739a7f5, type: 3}
      propertyPath: m_LocalRotation.y
      value: 0
      objectReference: {fileID: 0}
    - target: {fileID: -8679921383154817045, guid: 208f1b27895f195459e56f654739a7f5, type: 3}
      propertyPath: m_LocalRotation.z
      value: -0
      objectReference: {fileID: 0}
    - target: {fileID: -8679921383154817045, guid: 208f1b27895f195459e56f654739a7f5, type: 3}
      propertyPath: m_LocalEulerAnglesHint.x
      value: 0
      objectReference: {fileID: 0}
    - target: {fileID: -8679921383154817045, guid: 208f1b27895f195459e56f654739a7f5, type: 3}
      propertyPath: m_LocalEulerAnglesHint.y
      value: 0
      objectReference: {fileID: 0}
    - target: {fileID: -8679921383154817045, guid: 208f1b27895f195459e56f654739a7f5, type: 3}
      propertyPath: m_LocalEulerAnglesHint.z
      value: 0
      objectReference: {fileID: 0}
    - target: {fileID: 919132149155446097, guid: 208f1b27895f195459e56f654739a7f5, type: 3}
      propertyPath: m_Name
      value: Fraiseuse
      objectReference: {fileID: 0}
    m_RemovedComponents: []
  m_SourcePrefab: {fileID: 100100000, guid: 208f1b27895f195459e56f654739a7f5, type: 3}
--- !u!1001 &1550180898
PrefabInstance:
  m_ObjectHideFlags: 0
  serializedVersion: 2
  m_Modification:
    m_TransformParent: {fileID: 0}
    m_Modifications:
    - target: {fileID: -8679921383154817045, guid: 361377b463bc3484fbd409d747823ac7, type: 3}
      propertyPath: m_RootOrder
      value: 5
      objectReference: {fileID: 0}
    - target: {fileID: -8679921383154817045, guid: 361377b463bc3484fbd409d747823ac7, type: 3}
      propertyPath: m_LocalPosition.x
      value: 26.227879
      objectReference: {fileID: 0}
    - target: {fileID: -8679921383154817045, guid: 361377b463bc3484fbd409d747823ac7, type: 3}
      propertyPath: m_LocalPosition.y
      value: 10.97
      objectReference: {fileID: 0}
    - target: {fileID: -8679921383154817045, guid: 361377b463bc3484fbd409d747823ac7, type: 3}
      propertyPath: m_LocalPosition.z
      value: 26.76
      objectReference: {fileID: 0}
    - target: {fileID: -8679921383154817045, guid: 361377b463bc3484fbd409d747823ac7, type: 3}
      propertyPath: m_LocalRotation.w
      value: 0.7071067
      objectReference: {fileID: 0}
    - target: {fileID: -8679921383154817045, guid: 361377b463bc3484fbd409d747823ac7, type: 3}
      propertyPath: m_LocalRotation.x
      value: -0.7071068
      objectReference: {fileID: 0}
    - target: {fileID: -8679921383154817045, guid: 361377b463bc3484fbd409d747823ac7, type: 3}
      propertyPath: m_LocalRotation.y
      value: 0
      objectReference: {fileID: 0}
    - target: {fileID: -8679921383154817045, guid: 361377b463bc3484fbd409d747823ac7, type: 3}
      propertyPath: m_LocalRotation.z
      value: -0
      objectReference: {fileID: 0}
    - target: {fileID: -8679921383154817045, guid: 361377b463bc3484fbd409d747823ac7, type: 3}
      propertyPath: m_LocalEulerAnglesHint.x
      value: 0
      objectReference: {fileID: 0}
    - target: {fileID: -8679921383154817045, guid: 361377b463bc3484fbd409d747823ac7, type: 3}
      propertyPath: m_LocalEulerAnglesHint.y
      value: 0
      objectReference: {fileID: 0}
    - target: {fileID: -8679921383154817045, guid: 361377b463bc3484fbd409d747823ac7, type: 3}
      propertyPath: m_LocalEulerAnglesHint.z
      value: 0
      objectReference: {fileID: 0}
    - target: {fileID: 919132149155446097, guid: 361377b463bc3484fbd409d747823ac7, type: 3}
      propertyPath: m_Name
      value: ind_pipe_11_heavy_pipe
      objectReference: {fileID: 0}
    m_RemovedComponents: []
  m_SourcePrefab: {fileID: 100100000, guid: 361377b463bc3484fbd409d747823ac7, type: 3}
--- !u!1001 &1576830035
PrefabInstance:
  m_ObjectHideFlags: 0
  serializedVersion: 2
  m_Modification:
    m_TransformParent: {fileID: 0}
    m_Modifications:
    - target: {fileID: -8679921383154817045, guid: 501f4a3daa1aa1643af053314fa4f3a0, type: 3}
      propertyPath: m_RootOrder
      value: 6
      objectReference: {fileID: 0}
    - target: {fileID: -8679921383154817045, guid: 501f4a3daa1aa1643af053314fa4f3a0, type: 3}
      propertyPath: m_LocalPosition.x
      value: 31.5
      objectReference: {fileID: 0}
    - target: {fileID: -8679921383154817045, guid: 501f4a3daa1aa1643af053314fa4f3a0, type: 3}
      propertyPath: m_LocalPosition.y
      value: 10.97
      objectReference: {fileID: 0}
    - target: {fileID: -8679921383154817045, guid: 501f4a3daa1aa1643af053314fa4f3a0, type: 3}
      propertyPath: m_LocalPosition.z
      value: 71.99
      objectReference: {fileID: 0}
    - target: {fileID: -8679921383154817045, guid: 501f4a3daa1aa1643af053314fa4f3a0, type: 3}
      propertyPath: m_LocalRotation.w
      value: 0.7071067
      objectReference: {fileID: 0}
    - target: {fileID: -8679921383154817045, guid: 501f4a3daa1aa1643af053314fa4f3a0, type: 3}
      propertyPath: m_LocalRotation.x
      value: -0.7071068
      objectReference: {fileID: 0}
    - target: {fileID: -8679921383154817045, guid: 501f4a3daa1aa1643af053314fa4f3a0, type: 3}
      propertyPath: m_LocalRotation.y
      value: 0
      objectReference: {fileID: 0}
    - target: {fileID: -8679921383154817045, guid: 501f4a3daa1aa1643af053314fa4f3a0, type: 3}
      propertyPath: m_LocalRotation.z
      value: -0
      objectReference: {fileID: 0}
    - target: {fileID: -8679921383154817045, guid: 501f4a3daa1aa1643af053314fa4f3a0, type: 3}
      propertyPath: m_LocalEulerAnglesHint.x
      value: 0
      objectReference: {fileID: 0}
    - target: {fileID: -8679921383154817045, guid: 501f4a3daa1aa1643af053314fa4f3a0, type: 3}
      propertyPath: m_LocalEulerAnglesHint.y
      value: 0
      objectReference: {fileID: 0}
    - target: {fileID: -8679921383154817045, guid: 501f4a3daa1aa1643af053314fa4f3a0, type: 3}
      propertyPath: m_LocalEulerAnglesHint.z
      value: 0
      objectReference: {fileID: 0}
    - target: {fileID: 919132149155446097, guid: 501f4a3daa1aa1643af053314fa4f3a0, type: 3}
      propertyPath: m_Name
      value: ind_pipe_12_large_bridge_pipe
      objectReference: {fileID: 0}
    m_RemovedComponents: []
  m_SourcePrefab: {fileID: 100100000, guid: 501f4a3daa1aa1643af053314fa4f3a0, type: 3}
--- !u!1001 &1622584696
PrefabInstance:
  m_ObjectHideFlags: 0
  serializedVersion: 2
  m_Modification:
    m_TransformParent: {fileID: 0}
    m_Modifications:
    - target: {fileID: -8679921383154817045, guid: 84fedf4693693fb41a5c4932f6614647, type: 3}
      propertyPath: m_RootOrder
      value: 5
      objectReference: {fileID: 0}
    - target: {fileID: -8679921383154817045, guid: 84fedf4693693fb41a5c4932f6614647, type: 3}
      propertyPath: m_LocalPosition.x
      value: 12.693256
      objectReference: {fileID: 0}
    - target: {fileID: -8679921383154817045, guid: 84fedf4693693fb41a5c4932f6614647, type: 3}
      propertyPath: m_LocalPosition.y
      value: 11.204589
      objectReference: {fileID: 0}
    - target: {fileID: -8679921383154817045, guid: 84fedf4693693fb41a5c4932f6614647, type: 3}
      propertyPath: m_LocalPosition.z
      value: 42.587555
      objectReference: {fileID: 0}
    - target: {fileID: -8679921383154817045, guid: 84fedf4693693fb41a5c4932f6614647, type: 3}
      propertyPath: m_LocalRotation.w
      value: 0.7071067
      objectReference: {fileID: 0}
    - target: {fileID: -8679921383154817045, guid: 84fedf4693693fb41a5c4932f6614647, type: 3}
      propertyPath: m_LocalRotation.x
      value: -0.7071068
      objectReference: {fileID: 0}
    - target: {fileID: -8679921383154817045, guid: 84fedf4693693fb41a5c4932f6614647, type: 3}
      propertyPath: m_LocalRotation.y
      value: 0
      objectReference: {fileID: 0}
    - target: {fileID: -8679921383154817045, guid: 84fedf4693693fb41a5c4932f6614647, type: 3}
      propertyPath: m_LocalRotation.z
      value: -0
      objectReference: {fileID: 0}
    - target: {fileID: -8679921383154817045, guid: 84fedf4693693fb41a5c4932f6614647, type: 3}
      propertyPath: m_LocalEulerAnglesHint.x
      value: 0
      objectReference: {fileID: 0}
    - target: {fileID: -8679921383154817045, guid: 84fedf4693693fb41a5c4932f6614647, type: 3}
      propertyPath: m_LocalEulerAnglesHint.y
      value: 0
      objectReference: {fileID: 0}
    - target: {fileID: -8679921383154817045, guid: 84fedf4693693fb41a5c4932f6614647, type: 3}
      propertyPath: m_LocalEulerAnglesHint.z
      value: 0
      objectReference: {fileID: 0}
    - target: {fileID: 919132149155446097, guid: 84fedf4693693fb41a5c4932f6614647, type: 3}
      propertyPath: m_Name
      value: Moteur
      objectReference: {fileID: 0}
    m_RemovedComponents: []
  m_SourcePrefab: {fileID: 100100000, guid: 84fedf4693693fb41a5c4932f6614647, type: 3}
--- !u!1001 &1648604748
PrefabInstance:
  m_ObjectHideFlags: 0
  serializedVersion: 2
  m_Modification:
    m_TransformParent: {fileID: 0}
    m_Modifications:
    - target: {fileID: -8679921383154817045, guid: 497bffaab47d51244a971c70dfcf3ae5, type: 3}
      propertyPath: m_RootOrder
      value: 7
      objectReference: {fileID: 0}
    - target: {fileID: -8679921383154817045, guid: 497bffaab47d51244a971c70dfcf3ae5, type: 3}
      propertyPath: m_LocalPosition.x
      value: 12.693256
      objectReference: {fileID: 0}
    - target: {fileID: -8679921383154817045, guid: 497bffaab47d51244a971c70dfcf3ae5, type: 3}
      propertyPath: m_LocalPosition.y
      value: 11.204589
      objectReference: {fileID: 0}
    - target: {fileID: -8679921383154817045, guid: 497bffaab47d51244a971c70dfcf3ae5, type: 3}
      propertyPath: m_LocalPosition.z
      value: 42.587555
      objectReference: {fileID: 0}
    - target: {fileID: -8679921383154817045, guid: 497bffaab47d51244a971c70dfcf3ae5, type: 3}
      propertyPath: m_LocalRotation.w
      value: 0.7071067
      objectReference: {fileID: 0}
    - target: {fileID: -8679921383154817045, guid: 497bffaab47d51244a971c70dfcf3ae5, type: 3}
      propertyPath: m_LocalRotation.x
      value: -0.7071068
      objectReference: {fileID: 0}
    - target: {fileID: -8679921383154817045, guid: 497bffaab47d51244a971c70dfcf3ae5, type: 3}
      propertyPath: m_LocalRotation.y
      value: 0
      objectReference: {fileID: 0}
    - target: {fileID: -8679921383154817045, guid: 497bffaab47d51244a971c70dfcf3ae5, type: 3}
      propertyPath: m_LocalRotation.z
      value: -0
      objectReference: {fileID: 0}
    - target: {fileID: -8679921383154817045, guid: 497bffaab47d51244a971c70dfcf3ae5, type: 3}
      propertyPath: m_LocalEulerAnglesHint.x
      value: 0
      objectReference: {fileID: 0}
    - target: {fileID: -8679921383154817045, guid: 497bffaab47d51244a971c70dfcf3ae5, type: 3}
      propertyPath: m_LocalEulerAnglesHint.y
      value: 0
      objectReference: {fileID: 0}
    - target: {fileID: -8679921383154817045, guid: 497bffaab47d51244a971c70dfcf3ae5, type: 3}
      propertyPath: m_LocalEulerAnglesHint.z
      value: 0
      objectReference: {fileID: 0}
    - target: {fileID: 919132149155446097, guid: 497bffaab47d51244a971c70dfcf3ae5, type: 3}
      propertyPath: m_Name
      value: Reacteur
      objectReference: {fileID: 0}
    m_RemovedComponents: []
  m_SourcePrefab: {fileID: 100100000, guid: 497bffaab47d51244a971c70dfcf3ae5, type: 3}
--- !u!1001 &1749042584
PrefabInstance:
  m_ObjectHideFlags: 0
  serializedVersion: 2
  m_Modification:
    m_TransformParent: {fileID: 0}
    m_Modifications:
    - target: {fileID: -8679921383154817045, guid: fc8b32b285bca3d4f86c687578e7a8c6, type: 3}
      propertyPath: m_RootOrder
      value: 8
      objectReference: {fileID: 0}
    - target: {fileID: -8679921383154817045, guid: fc8b32b285bca3d4f86c687578e7a8c6, type: 3}
      propertyPath: m_LocalPosition.x
      value: 12.693256
      objectReference: {fileID: 0}
    - target: {fileID: -8679921383154817045, guid: fc8b32b285bca3d4f86c687578e7a8c6, type: 3}
      propertyPath: m_LocalPosition.y
      value: 11.204589
      objectReference: {fileID: 0}
    - target: {fileID: -8679921383154817045, guid: fc8b32b285bca3d4f86c687578e7a8c6, type: 3}
      propertyPath: m_LocalPosition.z
      value: 16.97
      objectReference: {fileID: 0}
    - target: {fileID: -8679921383154817045, guid: fc8b32b285bca3d4f86c687578e7a8c6, type: 3}
      propertyPath: m_LocalRotation.w
      value: 0.7071067
      objectReference: {fileID: 0}
    - target: {fileID: -8679921383154817045, guid: fc8b32b285bca3d4f86c687578e7a8c6, type: 3}
      propertyPath: m_LocalRotation.x
      value: -0.7071068
      objectReference: {fileID: 0}
    - target: {fileID: -8679921383154817045, guid: fc8b32b285bca3d4f86c687578e7a8c6, type: 3}
      propertyPath: m_LocalRotation.y
      value: 0
      objectReference: {fileID: 0}
    - target: {fileID: -8679921383154817045, guid: fc8b32b285bca3d4f86c687578e7a8c6, type: 3}
      propertyPath: m_LocalRotation.z
      value: -0
      objectReference: {fileID: 0}
    - target: {fileID: -8679921383154817045, guid: fc8b32b285bca3d4f86c687578e7a8c6, type: 3}
      propertyPath: m_LocalEulerAnglesHint.x
      value: 0
      objectReference: {fileID: 0}
    - target: {fileID: -8679921383154817045, guid: fc8b32b285bca3d4f86c687578e7a8c6, type: 3}
      propertyPath: m_LocalEulerAnglesHint.y
      value: 0
      objectReference: {fileID: 0}
    - target: {fileID: -8679921383154817045, guid: fc8b32b285bca3d4f86c687578e7a8c6, type: 3}
      propertyPath: m_LocalEulerAnglesHint.z
      value: 0
      objectReference: {fileID: 0}
    - target: {fileID: 919132149155446097, guid: fc8b32b285bca3d4f86c687578e7a8c6, type: 3}
      propertyPath: m_Name
      value: Recepteurs
      objectReference: {fileID: 0}
    m_RemovedComponents: []
  m_SourcePrefab: {fileID: 100100000, guid: fc8b32b285bca3d4f86c687578e7a8c6, type: 3}
--- !u!1001 &1770899192
PrefabInstance:
  m_ObjectHideFlags: 0
  serializedVersion: 2
  m_Modification:
    m_TransformParent: {fileID: 0}
    m_Modifications:
    - target: {fileID: -8679921383154817045, guid: b488f28a3497b4941951bc3833621c32, type: 3}
      propertyPath: m_RootOrder
      value: 6
      objectReference: {fileID: 0}
    - target: {fileID: -8679921383154817045, guid: b488f28a3497b4941951bc3833621c32, type: 3}
      propertyPath: m_LocalPosition.x
      value: 12.693256
      objectReference: {fileID: 0}
    - target: {fileID: -8679921383154817045, guid: b488f28a3497b4941951bc3833621c32, type: 3}
      propertyPath: m_LocalPosition.y
      value: 11.204589
      objectReference: {fileID: 0}
    - target: {fileID: -8679921383154817045, guid: b488f28a3497b4941951bc3833621c32, type: 3}
      propertyPath: m_LocalPosition.z
      value: 60.49
      objectReference: {fileID: 0}
    - target: {fileID: -8679921383154817045, guid: b488f28a3497b4941951bc3833621c32, type: 3}
      propertyPath: m_LocalRotation.w
      value: 0.7071067
      objectReference: {fileID: 0}
    - target: {fileID: -8679921383154817045, guid: b488f28a3497b4941951bc3833621c32, type: 3}
      propertyPath: m_LocalRotation.x
      value: -0.7071068
      objectReference: {fileID: 0}
    - target: {fileID: -8679921383154817045, guid: b488f28a3497b4941951bc3833621c32, type: 3}
      propertyPath: m_LocalRotation.y
      value: 0
      objectReference: {fileID: 0}
    - target: {fileID: -8679921383154817045, guid: b488f28a3497b4941951bc3833621c32, type: 3}
      propertyPath: m_LocalRotation.z
      value: -0
      objectReference: {fileID: 0}
    - target: {fileID: -8679921383154817045, guid: b488f28a3497b4941951bc3833621c32, type: 3}
      propertyPath: m_LocalEulerAnglesHint.x
      value: 0
      objectReference: {fileID: 0}
    - target: {fileID: -8679921383154817045, guid: b488f28a3497b4941951bc3833621c32, type: 3}
      propertyPath: m_LocalEulerAnglesHint.y
      value: 0
      objectReference: {fileID: 0}
    - target: {fileID: -8679921383154817045, guid: b488f28a3497b4941951bc3833621c32, type: 3}
      propertyPath: m_LocalEulerAnglesHint.z
      value: 0
      objectReference: {fileID: 0}
    - target: {fileID: 919132149155446097, guid: b488f28a3497b4941951bc3833621c32, type: 3}
      propertyPath: m_Name
      value: Pompe_echelle
      objectReference: {fileID: 0}
    m_RemovedComponents: []
  m_SourcePrefab: {fileID: 100100000, guid: b488f28a3497b4941951bc3833621c32, type: 3}
--- !u!1001 &1965794913
PrefabInstance:
  m_ObjectHideFlags: 0
  serializedVersion: 2
  m_Modification:
    m_TransformParent: {fileID: 0}
    m_Modifications:
    - target: {fileID: -8679921383154817045, guid: 6ba57261a2c1b43428cfa85c3d2c4911, type: 3}
      propertyPath: m_RootOrder
      value: 1
      objectReference: {fileID: 0}
    - target: {fileID: -8679921383154817045, guid: 6ba57261a2c1b43428cfa85c3d2c4911, type: 3}
      propertyPath: m_LocalPosition.x
      value: 26.227879
      objectReference: {fileID: 0}
    - target: {fileID: -8679921383154817045, guid: 6ba57261a2c1b43428cfa85c3d2c4911, type: 3}
      propertyPath: m_LocalPosition.y
      value: 10.97
      objectReference: {fileID: 0}
    - target: {fileID: -8679921383154817045, guid: 6ba57261a2c1b43428cfa85c3d2c4911, type: 3}
      propertyPath: m_LocalPosition.z
      value: 54.23
      objectReference: {fileID: 0}
    - target: {fileID: -8679921383154817045, guid: 6ba57261a2c1b43428cfa85c3d2c4911, type: 3}
      propertyPath: m_LocalRotation.w
      value: 0.7071067
      objectReference: {fileID: 0}
    - target: {fileID: -8679921383154817045, guid: 6ba57261a2c1b43428cfa85c3d2c4911, type: 3}
      propertyPath: m_LocalRotation.x
      value: -0.7071068
      objectReference: {fileID: 0}
    - target: {fileID: -8679921383154817045, guid: 6ba57261a2c1b43428cfa85c3d2c4911, type: 3}
      propertyPath: m_LocalRotation.y
      value: 0
      objectReference: {fileID: 0}
    - target: {fileID: -8679921383154817045, guid: 6ba57261a2c1b43428cfa85c3d2c4911, type: 3}
      propertyPath: m_LocalRotation.z
      value: -0
      objectReference: {fileID: 0}
    - target: {fileID: -8679921383154817045, guid: 6ba57261a2c1b43428cfa85c3d2c4911, type: 3}
      propertyPath: m_LocalEulerAnglesHint.x
      value: 0
      objectReference: {fileID: 0}
    - target: {fileID: -8679921383154817045, guid: 6ba57261a2c1b43428cfa85c3d2c4911, type: 3}
      propertyPath: m_LocalEulerAnglesHint.y
      value: 0
      objectReference: {fileID: 0}
    - target: {fileID: -8679921383154817045, guid: 6ba57261a2c1b43428cfa85c3d2c4911, type: 3}
      propertyPath: m_LocalEulerAnglesHint.z
      value: 0
      objectReference: {fileID: 0}
    - target: {fileID: 919132149155446097, guid: 6ba57261a2c1b43428cfa85c3d2c4911, type: 3}
      propertyPath: m_Name
      value: ind_pipe_02_conduit_vent
      objectReference: {fileID: 0}
    m_RemovedComponents: []
  m_SourcePrefab: {fileID: 100100000, guid: 6ba57261a2c1b43428cfa85c3d2c4911, type: 3}
--- !u!1 &2064958553
GameObject:
  m_ObjectHideFlags: 0
  m_CorrespondingSourceObject: {fileID: 0}
  m_PrefabInstance: {fileID: 0}
  m_PrefabAsset: {fileID: 0}
  serializedVersion: 6
  m_Component:
  - component: {fileID: 2064958555}
  - component: {fileID: 2064958554}
  m_Layer: 0
  m_Name: WwiseGlobal
  m_TagString: Untagged
  m_Icon: {fileID: 0}
  m_NavMeshLayer: 0
  m_StaticEditorFlags: 0
  m_IsActive: 1
--- !u!114 &2064958554
MonoBehaviour:
  m_ObjectHideFlags: 0
  m_CorrespondingSourceObject: {fileID: 0}
  m_PrefabInstance: {fileID: 0}
  m_PrefabAsset: {fileID: 0}
  m_GameObject: {fileID: 2064958553}
  m_Enabled: 1
  m_EditorHideFlags: 0
  m_Script: {fileID: 11500000, guid: 6a961dc28b4d0f84b88ac5acad3acce7, type: 3}
  m_Name: 
  m_EditorClassIdentifier: 
  InitializationSettings: {fileID: 11400000, guid: c13f657266bbc4744b987f455e881982, type: 2}
  basePath: 
  language: 
  defaultPoolSize: 0
  lowerPoolSize: 0
  streamingPoolSize: 0
  memoryCutoffThreshold: 0
  monitorPoolSize: 0
  monitorQueuePoolSize: 0
  callbackManagerBufferSize: 0
  spatialAudioPoolSize: 0
  maxSoundPropagationDepth: 0
  engineLogging: 0
--- !u!4 &2064958555
Transform:
  m_ObjectHideFlags: 0
  m_CorrespondingSourceObject: {fileID: 0}
  m_PrefabInstance: {fileID: 0}
  m_PrefabAsset: {fileID: 0}
  m_GameObject: {fileID: 2064958553}
  m_LocalRotation: {x: 0, y: 0, z: 0, w: 1}
  m_LocalPosition: {x: 0, y: 0, z: 0}
  m_LocalScale: {x: 1, y: 1, z: 1}
  m_Children: []
  m_Father: {fileID: 0}
  m_RootOrder: 20
  m_LocalEulerAnglesHint: {x: 0, y: 0, z: 0}
--- !u!1 &2099806461
GameObject:
  m_ObjectHideFlags: 0
  m_CorrespondingSourceObject: {fileID: 0}
  m_PrefabInstance: {fileID: 0}
  m_PrefabAsset: {fileID: 0}
  serializedVersion: 6
  m_Component:
  - component: {fileID: 2099806463}
  - component: {fileID: 2099806462}
  m_Layer: 0
  m_Name: Directional Light
  m_TagString: Untagged
  m_Icon: {fileID: 0}
  m_NavMeshLayer: 0
  m_StaticEditorFlags: 0
  m_IsActive: 1
--- !u!108 &2099806462
Light:
  m_ObjectHideFlags: 0
  m_CorrespondingSourceObject: {fileID: 0}
  m_PrefabInstance: {fileID: 0}
  m_PrefabAsset: {fileID: 0}
  m_GameObject: {fileID: 2099806461}
  m_Enabled: 1
  serializedVersion: 10
  m_Type: 1
  m_Shape: 0
  m_Color: {r: 1, g: 0.95686275, b: 0.8392157, a: 1}
  m_Intensity: 1
  m_Range: 10
  m_SpotAngle: 30
  m_InnerSpotAngle: 21.80208
  m_CookieSize: 10
  m_Shadows:
    m_Type: 2
    m_Resolution: -1
    m_CustomResolution: -1
    m_Strength: 1
    m_Bias: 0.05
    m_NormalBias: 0.4
    m_NearPlane: 0.2
    m_CullingMatrixOverride:
      e00: 1
      e01: 0
      e02: 0
      e03: 0
      e10: 0
      e11: 1
      e12: 0
      e13: 0
      e20: 0
      e21: 0
      e22: 1
      e23: 0
      e30: 0
      e31: 0
      e32: 0
      e33: 1
    m_UseCullingMatrixOverride: 0
  m_Cookie: {fileID: 0}
  m_DrawHalo: 0
  m_Flare: {fileID: 0}
  m_RenderMode: 0
  m_CullingMask:
    serializedVersion: 2
    m_Bits: 4294967295
  m_RenderingLayerMask: 1
  m_Lightmapping: 4
  m_LightShadowCasterMode: 0
  m_AreaSize: {x: 1, y: 1}
  m_BounceIntensity: 1
  m_ColorTemperature: 6570
  m_UseColorTemperature: 0
  m_BoundingSphereOverride: {x: 0, y: 0, z: 0, w: 0}
  m_UseBoundingSphereOverride: 0
  m_UseViewFrustumForShadowCasterCull: 1
  m_ShadowRadius: 0
  m_ShadowAngle: 0
--- !u!4 &2099806463
Transform:
  m_ObjectHideFlags: 0
  m_CorrespondingSourceObject: {fileID: 0}
  m_PrefabInstance: {fileID: 0}
  m_PrefabAsset: {fileID: 0}
  m_GameObject: {fileID: 2099806461}
  m_LocalRotation: {x: 0.40821788, y: -0.23456968, z: 0.10938163, w: 0.8754261}
  m_LocalPosition: {x: 0, y: 3, z: 0}
  m_LocalScale: {x: 1, y: 1, z: 1}
  m_Children: []
  m_Father: {fileID: 0}
  m_RootOrder: 19
  m_LocalEulerAnglesHint: {x: 50, y: -30, z: 0}
